@inproceedings{Akyon_Altinuc_Temizel_2022,
  title={Slicing Aided Hyper Inference and Fine-tuning for Small Object Detection},
  url={http://arxiv.org/abs/2202.06934},
  DOI={10.1109/ICIP46576.2022.9897990}
}

@article{Feng_Zhong_Jie_Xie_Ma_2024,
  title={InstaGen: Enhancing Object Detection by Training on Synthetic Dataset},
  url={http://arxiv.org/abs/2402.05937}
}

@article{Ge_Liu_Wang_Li_Sun_2021,
  title={YOLOX: Exceeding YOLO Series in 2021},
  url={http://arxiv.org/abs/2107.08430}
}

@article{Lin_Maire_Belongie_Bourdev_Girshick_Hays_Perona_Ramanan_Zitnick_Dollar_2015,
  title={Microsoft COCO: Common Objects in Context},
  url={http://arxiv.org/abs/1405.0312}
}

@article{Mumuni_Mumuni_2022,
  title={Data augmentation: A comprehensive survey of modern approaches},
  volume={16},
  ISSN={25900056},
  DOI={10.1016/j.array.2022.100258}
}

@article{Raza_Prokopova_Huseynzade_Azimi_Lafond_2022,
  title={SimuShips -- A High Resolution Simulation Dataset for Ship Detection with Precise Annotations},
  url={http://arxiv.org/abs/2211.05237}
}

@article{Redmon_Divvala_Girshick_Farhadi_2016,
  title={You Only Look Once: Unified, Real-Time Object Detection},
  url={http://arxiv.org/abs/1506.02640}
}

@article{Redmon_Farhadi_2018,
  title={YOLOv3: An Incremental Improvement},
  url={http://arxiv.org/abs/1804.02767}
}

@article{Tan_Huangfu_Wu_Chen_2021,
  title={Comparison of YOLO v3, Faster R-CNN, and SSD for Real-Time Pill Identification},
  rights={https://creativecommons.org/licenses/by/4.0/},
  url={https://www.researchsquare.com/article/rs-668895/v1},
  DOI={10.21203/rs.3.rs-668895/v1},
  author={Tan, Lu and Huangfu, Tianran and Wu, Liyao and Chen, Wenying},
  year={2021},
  month={jul},
  language={en}
}

@inproceedings{Unel_Ozkalayci_Cigla_2019,
  address={Long Beach, CA, USA},
  title={The Power of Tiling for Small Object Detection},
  rights={https://ieeexplore.ieee.org/Xplorehelp/downloads/license-information/IEEE.html},
  ISBN={978-1-72812-506-0},
  url={https://ieeexplore.ieee.org/document/9025422/},
  DOI={10.1109/CVPRW.2019.00084}
}

@inproceedings{Wang_Mark_Liao_Wu_Chen_Hsieh_Yeh_2020,
  address={Seattle, WA, USA},
  title={CSPNet: A New Backbone that can Enhance Learning Capability of CNN},
  rights={https://ieeexplore.ieee.org/Xplorehelp/downloads/license-information/IEEE.html},
  ISBN={978-1-72819-360-1},
  url={https://ieeexplore.ieee.org/document/9150780/},
  DOI={10.1109/CVPRW50498.2020.00203}
}

@article{Xu_Tian_2015,
  title={A Comprehensive Survey of Clustering Algorithms},
  volume={2},
  ISSN={2198-5804, 2198-5812},
  DOI={10.1007/s40745-015-0040-1}
}

@article{Yin_Aryani_Petrie_Nambissan_Astudillo_Cao_2024,
  title={A Rapid Review of Clustering Algorithms},
  url={http://arxiv.org/abs/2401.07389}
}

@article{Zhang_Cisse_Dauphin_Lopez-Paz_2018,
  title={mixup: Beyond Empirical Risk Minimization},
  url={http://arxiv.org/abs/1710.09412}
}

@article{Zhang_Sun_Jiang_Yu_Weng_Yuan_Luo_Liu_Wang_2022,
  title={ByteTrack: Multi-Object Tracking by Associating Every Detection Box},
  url={http://arxiv.org/abs/2110.06864}
}

@inproceedings{Zust_Pers_Kristan_2023,
  address={Paris, France},
  title={LaRS: A Diverse Panoptic Maritime Obstacle Detection Dataset and Benchmark},
  rights={https://doi.org/10.15223/policy-029},
  ISBN={9798350307184},
  url={https://ieeexplore.ieee.org/document/10377042/},
  DOI={10.1109/ICCV51070.2023.01857},
  booktitle={2023 IEEE/CVF International Conference on Computer Vision (ICCV)},
  publisher={IEEE},
  author={Žust, Lojze and Perš, Janez and Kristan, Matej},
  year={2023},
  month={oct},
  pages={20247-20257},
  language={en}
}

@article{How_to_Handle_Image_of_Different_Sizes,
  url={https://wandb.ai/ayush-thakur/dl-question-bank/reports/How-to-Handle-Images-of-Different-Sizes-in-a-Convolutional-Neural-Network--VmlldzoyMDk3NzQ}
}

@book{Goodfellow-et-al-2016,
  title={Deep Learning},
  author={Ian Goodfellow and Yoshua Bengio and Aaron Courville},
  publisher={MIT Press},
  note={\url{http://www.deeplearningbook.org}},
  year={2016}
}}